
@article{reflex,
	author 	  = {Xiaozhu Lin and Zhen Wang and Robert LiKamWa and Lin Zhong},
	title     = {Reflex: using low-power processors in smartphones without knowing them},
    %editor   = "Proc. ACM Int. Conf. Architectural Support for Programming Languages and Operating Systems (ASPLOS )",
    year      = "2012",
    %month    = "March",
}


